@misc{internet-ml,
  author = {Thamognya Kodi},
  title = {Internet-ML: Allowing ML to connect to the internet},
  year = {2022},
  publisher = {GitHub},
  journal = {GitHub repository},
  howpublished = {\url{https://github.com/thamognya/internet-ml}}
}
